@article{agileManifesto,
  author = {Highsmith, Jim and Fowler, Martin},
  biburl = {http://www.bibsonomy.org/bibtex/27900061809002e05b6624aed63e37d6b/tausendeins},
  journal = {Software Development Magazine},
  pages = {29--30},
  title = {The Agile Manifesto},
  volume = 9,
  year = 2001
}

@inproceedings{Kettunen2010,
 author = {Kettunen, Vesa and Kasurinen, Jussi and Taipale, Ossi and Smolander, Kari},
 title = {A Study on Agility and Testing Processes in Software Organizations},
 booktitle = {Proceedings of the 19th International Symposium on Software Testing and Analysis},
 series = {ISSTA '10},
 year = {2010},
 isbn = {978-1-60558-823-0},
 location = {Trento, Italy},
 pages = {231--240},
 numpages = {10},
 url = {http://doi.acm.org/10.1145/1831708.1831737},
 doi = {10.1145/1831708.1831737},
 acmid = {1831737},
 publisher = {ACM},
 address = {New York, NY, USA},
 keywords = {agile development, case study, empirical study, test process},
}

@book{Shore2007,
 author = {Shore, James and Warden, Shane},
 title = {The Art of Agile Development},
 year = {2007},
 isbn = {9780596527679},
 edition = {First},
 publisher = {O'Reilly}
}

@inproceedings{Krasteva2008,
 author = {Krasteva, Iva and Ilieva, Sylvia},
 title = {Adopting an Agile Methodology: Why It Did Not Work},
 booktitle = {Proceedings of the 2008 International Workshop on Scrutinizing Agile Practices or Shoot-out at the Agile Corral},
 series = {APOS '08},
 year = {2008},
 isbn = {978-1-60558-021-0},
 location = {Leipzig, Germany},
 pages = {33--36},
 numpages = {4},
 url = {http://doi.acm.org/10.1145/1370143.1370150},
 doi = {10.1145/1370143.1370150},
 acmid = {1370150},
 publisher = {ACM},
 address = {New York, NY, USA},
 keywords = {agile adoption, extreme programming, scrum}
}

@techreport{Barbara2004,
	Institution = {Department of Computer Science, Keele University, UK},
	Author = {Kitchenham, Barbara},
	Title = {Procedures for Performing Systematic Reviews},
	Year = {2004}
}

@inproceedings{Hassan2011,
author = {Hassan Hajjdiab and Al Shaima Taleb},
title = {{Agile adoption experience: A case study in the U.A.E}},
booktitle = {IEEE International Conference on Software Engineering and Service Sciences},
year = {2011},
doi = {10.1109/ICSESS.2011.5982247}
}
